<record><leader>00000cas a2200000 a 4500</leader><controlfield tag="001">22427050</controlfield><controlfield tag="008">900924d19121919iluwr ne      0   a0eng c</controlfield><datafield ind1=" " ind2=" " tag="010"><subfield code="a">sn 90054779 </subfield></datafield><datafield ind1=" " ind2=" " tag="040"><subfield code="a">NVF</subfield><subfield code="b">eng</subfield><subfield code="c">NVF</subfield><subfield code="d">OCLCQ</subfield><subfield code="d">NVF</subfield><subfield code="d">OCLCQ</subfield><subfield code="d">OCLCF</subfield><subfield code="d">OCLCO</subfield><subfield code="d">NVF</subfield><subfield code="d">OCLCO</subfield></datafield><datafield ind1="1" ind2=" " tag="029"><subfield code="a">AU@</subfield><subfield code="b">000025864693</subfield></datafield><datafield ind1=" " ind2=" " tag="042"><subfield code="a">pcc</subfield></datafield><datafield ind1=" " ind2=" " tag="043"><subfield code="a">n-us-il</subfield></datafield><datafield ind1="0" ind2="4" tag="245"><subfield code="a">The Southern Illinois record.</subfield></datafield><datafield ind1=" " ind2=" " tag="260"><subfield code="a">Flora, Ill. :</subfield><subfield code="b">Clay County Pub. Co.,</subfield><subfield code="c">1912-1919.</subfield></datafield><datafield ind1=" " ind2=" " tag="300"><subfield code="a">volumes</subfield></datafield><datafield ind1=" " ind2=" " tag="310"><subfield code="a">Weekly</subfield></datafield><datafield ind1="0" ind2=" " tag="362"><subfield code="a">Vol. 1, no. 1 (Oct. 3, 1912)-v. 8, no. 10 (Nov. 27, 1919).</subfield></datafield><datafield ind1=" " ind2="0" tag="651"><subfield code="a">Flora (Ill.)</subfield><subfield code="v">Newspapers.</subfield></datafield><datafield ind1=" " ind2="0" tag="651"><subfield code="a">Clay County (Ill.)</subfield><subfield code="v">Newspapers.</subfield></datafield><datafield ind1=" " ind2="0" tag="651"><subfield code="a">Southern Illinois (Ill.)</subfield><subfield code="v">Newspapers.</subfield></datafield><datafield ind1=" " ind2="7" tag="651"><subfield code="a">Illinois</subfield><subfield code="z">Flora.</subfield><subfield code="2">fast</subfield><subfield code="0">(OCoLC)fst01222890</subfield></datafield><datafield ind1=" " ind2="7" tag="655"><subfield code="a">Newspapers.</subfield><subfield code="2">fast</subfield><subfield code="0">(OCoLC)fst01423814</subfield></datafield><datafield ind1=" " ind2=" " tag="752"><subfield code="a">United States</subfield><subfield code="b">Illinois</subfield><subfield code="c">Clay County</subfield><subfield code="d">Flora.</subfield></datafield><datafield ind1="0" ind2=" " tag="775"><subfield code="a">Daily record (Flora, Ill.)</subfield><subfield code="w">(DLC)sn 90054781</subfield><subfield code="w">(OCoLC)22427163</subfield></datafield><datafield ind1="0" ind2="0" tag="785"><subfield code="a">Flora record</subfield><subfield code="w">(DLC)sn 90054780</subfield><subfield code="w">(OCoLC)22434226</subfield></datafield></record>